@article{acemoglu2020,
  title     = {Robots and jobs: Evidence from US labor markets},
  author    = {Acemoglu, Daron and Restrepo, Pascual},
  journal   = {Journal of political economy},
  volume    = {128},
  number    = {6},
  pages     = {2188--2244},
  year      = {2020},
  publisher = {The University of Chicago Press Chicago, IL}
}

@article{agan2018,
  title     = {Ban the box, criminal records, and racial discrimination: A field experiment},
  author    = {Agan, Amanda and Starr, Sonja},
  journal   = {The Quarterly Journal of Economics},
  volume    = {133},
  number    = {1},
  pages     = {191--235},
  year      = {2018},
  publisher = {Oxford University Press}
}

@article{alesina2023,
  title     = {Immigration and redistribution},
  author    = {Alesina, Alberto and Miano, Armando and Stantcheva, Stefanie},
  journal   = {The Review of Economic Studies},
  volume    = {90},
  number    = {1},
  pages     = {1--39},
  year      = {2023},
  publisher = {Oxford University Press}
}

@article{allcott2020welfare,
  title     = {The welfare effects of social media},
  author    = {Allcott, Hunt and Braghieri, Luca and Eichmeyer, Sarah and Gentzkow, Matthew},
  journal   = {American Economic Review},
  volume    = {110},
  number    = {3},
  pages     = {629--676},
  year      = {2020},
  publisher = {American Economic Association 2014 Broadway, Suite 305, Nashville, TN 37203}
}

@article{awad2018,
  title     = {The moral machine experiment},
  author    = {Awad, Edmond and Dsouza, Sohan and Kim, Richard and Schulz, Jonathan and Henrich, Joseph and Shariff, Azim and Bonnefon, Jean-Fran{\c{c}}ois and Rahwan, Iyad},
  journal   = {Nature},
  volume    = {563},
  number    = {7729},
  pages     = {59--64},
  year      = {2018},
  publisher = {Nature Publishing Group}
}

@article{bakshy2015,
  title     = {Exposure to ideologically diverse news and opinion on Facebook},
  author    = {Bakshy, Eytan and Messing, Solomon and Adamic, Lada A},
  journal   = {Science},
  volume    = {348},
  number    = {6239},
  pages     = {1130--1132},
  year      = {2015},
  publisher = {American Association for the Advancement of Science}
}

@book{banerjee2012,
  author    = {Banerjee, Abhijit V. and Duflo, Esther},
  title     = {貧乏人の経済学 : もういちど貧困問題を根っこから考える},
  publisher = {みすず書房},
  year      = {2012}
}

@article{barbera2015,
  title     = {Tweeting from left to right: Is online political communication more than an echo chamber?},
  author    = {Barber{\'a}, Pablo and Jost, John T and Nagler, Jonathan and Tucker, Joshua A and Bonneau, Richard},
  journal   = {Psychological science},
  volume    = {26},
  number    = {10},
  pages     = {1531--1542},
  year      = {2015},
  publisher = {Sage Publications Sage CA: Los Angeles, CA}
}

@article{barrera2020,
  title     = {Facts, alternative facts, and fact checking in times of post-truth politics},
  author    = {Barrera, Oscar and Guriev, Sergei and Henry, Emeric and Zhuravskaya, Ekaterina},
  journal   = {Journal of public economics},
  volume    = {182},
  pages     = {104123},
  year      = {2020},
  publisher = {Elsevier}
}

@article{bertoli2017,
  title     = {Nationalism and conflict: Lessons from international sports},
  author    = {Bertoli, Andrew D},
  journal   = {International Studies Quarterly},
  volume    = {61},
  number    = {4},
  pages     = {835--849},
  year      = {2017},
  publisher = {Oxford University Press}
}

@article{blumenstock2015,
  title     = {Predicting poverty and wealth from mobile phone metadata},
  author    = {Blumenstock, Joshua and Cadamuro, Gabriel and On, Robert},
  journal   = {Science},
  volume    = {350},
  number    = {6264},
  pages     = {1073--1076},
  year      = {2015},
  publisher = {American Association for the Advancement of Science}
}

@article{bond2012,
  title     = {A 61-million-person experiment in social influence and political mobilization},
  author    = {Bond, Robert M and Fariss, Christopher J and Jones, Jason J and Kramer, Adam DI and Marlow, Cameron and Settle, Jaime E and Fowler, James H},
  journal   = {Nature},
  volume    = {489},
  number    = {7415},
  pages     = {295--298},
  year      = {2012},
  publisher = {Nature Publishing Group UK London}
}

@article{brodeur2020,
  title     = {Methods matter: P-hacking and publication bias in causal analysis in economics},
  author    = {Brodeur, Abel and Cook, Nikolai and Heyes, Anthony},
  journal   = {American Economic Review},
  volume    = {110},
  number    = {11},
  pages     = {3634--3660},
  year      = {2020},
  publisher = {American Economic Association 2014 Broadway, Suite 305, Nashville, TN 37203}
}

@article{bryan2014,
  title     = {Underinvestment in a profitable technology: The case of seasonal migration in Bangladesh},
  author    = {Bryan, Gharad and Chowdhury, Shyamal and Mobarak, Ahmed Mushfiq},
  journal   = {Econometrica},
  volume    = {82},
  number    = {5},
  pages     = {1671--1748},
  year      = {2014},
  publisher = {Wiley Online Library}
}

@techreport{duflo2021,
  title       = {The impact of free secondary education: Experimental evidence from Ghana},
  author      = {Duflo, Esther and Dupas, Pascaline and Kremer, Michael},
  year        = {2021},
  institution = {National Bureau of Economic Research}
}

@article{eloundou2023,
  title   = {Gpts are gpts: An early look at the labor market impact potential of large language models},
  author  = {Eloundou, Tyna and Manning, Sam and Mishkin, Pamela and Rock, Daniel},
  journal = {arXiv preprint arXiv:2303.10130},
  year    = {2023}
}

@article{ferrara2016,
  title     = {The rise of social bots},
  author    = {Ferrara, Emilio and Varol, Onur and Davis, Clayton and Menczer, Filippo and Flammini, Alessandro},
  journal   = {Communications of the ACM},
  volume    = {59},
  number    = {7},
  pages     = {96--104},
  year      = {2016},
  publisher = {ACM New York, NY, USA}
}

@article{flaxman2016,
  title     = {Filter bubbles, echo chambers, and online news consumption},
  author    = {Flaxman, Seth and Goel, Sharad and Rao, Justin M},
  journal   = {Public opinion quarterly},
  volume    = {80},
  number    = {S1},
  pages     = {298--320},
  year      = {2016},
  publisher = {Oxford University Press}
}

@article{gentzkow2011,
  title     = {Ideological segregation online and offline},
  author    = {Gentzkow, Matthew and Shapiro, Jesse M},
  journal   = {The Quarterly Journal of Economics},
  volume    = {126},
  number    = {4},
  pages     = {1799--1839},
  year      = {2011},
  publisher = {MIT Press}
}

@article{gerber2008,
  title     = {Social pressure and voter turnout: Evidence from a large-scale field experiment},
  author    = {Gerber, Alan S and Green, Donald P and Larimer, Christopher W},
  journal   = {American political Science review},
  volume    = {102},
  number    = {1},
  pages     = {33--48},
  year      = {2008},
  publisher = {Cambridge University Press}
}

@article{gorodnichenko2021,
  title     = {Social media, sentiment and public opinions: Evidence from\# Brexit and\# USElection},
  author    = {Gorodnichenko, Yuriy and Pham, Tho and Talavera, Oleksandr},
  journal   = {European Economic Review},
  volume    = {136},
  pages     = {103772},
  year      = {2021},
  publisher = {Elsevier}
}

@article{halberstam2016,
  title     = {Homophily, group size, and the diffusion of political information in social networks: Evidence from Twitter},
  author    = {Halberstam, Yosh and Knight, Brian},
  journal   = {Journal of public economics},
  volume    = {143},
  pages     = {73--88},
  year      = {2016},
  publisher = {Elsevier}
}

@book{hall2002,
  title     = {The emergence of private authority in global governance},
  author    = {Hall, Rodney Bruce and Biersteker, Thomas J},
  volume    = {85},
  year      = {2002},
  publisher = {Cambridge University Press}
}

@book{hisano2018,
  author    = {久野, 遼平 and 木脇, 太一},
  title     = {大学4年間のデータサイエンスが10時間でざっと学べる},
  publisher = {KADOKAWA},
  year      = {2018}
}

@book{inamasu2022,
  author    = {稲増, 一憲},
  title     = {マスメディアとは何か : 「影響力」の正体},
  publisher = {中央公論新社},
  year      = {2022},
  series    = {中公新書}
}

@book{ito2017,
  author    = {伊藤, 公一朗},
  title     = {データ分析の力 : 因果関係に迫る思考法},
  publisher = {光文社},
  year      = {2017},
  series    = {光文社新書}
}

@article{jones2009,
  title     = {Hit or miss? The effect of assassinations on institutions and war},
  author    = {Jones, Benjamin F and Olken, Benjamin A},
  journal   = {American Economic Journal: Macroeconomics},
  volume    = {1},
  number    = {2},
  pages     = {55--87},
  year      = {2009},
  publisher = {American Economic Association}
}

@article{kaplan2020,
  title   = {Scaling laws for neural language models},
  author  = {Kaplan, Jared and McCandlish, Sam and Henighan, Tom and Brown, Tom B and Chess, Benjamin and Child, Rewon and Gray, Scott and Radford, Alec and Wu, Jeffrey and Amodei, Dario},
  journal = {arXiv preprint arXiv:2001.08361},
  year    = {2020}
}

@article{king2013,
  title     = {How censorship in China allows government criticism but silences collective expression},
  author    = {King, Gary and Pan, Jennifer and Roberts, Margaret E},
  journal   = {American political science Review},
  volume    = {107},
  number    = {2},
  pages     = {326--343},
  year      = {2013},
  publisher = {Cambridge University Press}
}

@article{king2014,
  title     = {Reverse-engineering censorship in China: Randomized experimentation and participant observation},
  author    = {King, Gary and Pan, Jennifer and Roberts, Margaret E},
  journal   = {Science},
  volume    = {345},
  number    = {6199},
  pages     = {1251722},
  year      = {2014},
  publisher = {American Association for the Advancement of Science}
}

@article{king2017,
  title     = {How the Chinese government fabricates social media posts for strategic distraction, not engaged argument},
  author    = {King, Gary and Pan, Jennifer and Roberts, Margaret E},
  journal   = {American political science review},
  volume    = {111},
  number    = {3},
  pages     = {484--501},
  year      = {2017},
  publisher = {Cambridge University Press}
}

@book{kitagawa2023,
  author    = {北川, 源四郎 and 竹村, 彰通 and 赤穂, 昭太郎 and 今泉, 允聡 and 内田, 誠一 and 清, 智也 and 高野, 渉 and 辻, 真吾 and 原, 尚幸 and 久野, 遼平 and 松原, 仁 and 宮地, 充子 and 森畑, 明昌 and 宿久, 洋},
  title     = {応用基礎としてのデータサイエンス : AI×データ活用の実践},
  publisher = {講談社},
  year      = {2023},
  series    = {データサイエンス入門}
}

@article{kosinski2013,
  title     = {Private traits and attributes are predictable from digital records of human behavior},
  author    = {Kosinski, Michal and Stillwell, David and Graepel, Thore},
  journal   = {Proceedings of the national academy of sciences},
  volume    = {110},
  number    = {15},
  pages     = {5802--5805},
  year      = {2013},
  publisher = {National Acad Sciences}
}

@article{kramer2014,
  title     = {Experimental evidence of massive-scale emotional contagion through social networks},
  author    = {Kramer, Adam DI and Guillory, Jamie E and Hancock, Jeffrey T},
  journal   = {Proceedings of the National Academy of Sciences},
  volume    = {111},
  number    = {24},
  pages     = {8788--8790},
  year      = {2014},
  publisher = {National Acad Sciences}
}

@article{kuklinski1997,
  title     = {Racial attitudes and the" New South"},
  author    = {Kuklinski, James H and Cobb, Michael D and Gilens, Martin},
  journal   = {The Journal of Politics},
  volume    = {59},
  number    = {2},
  pages     = {323--349},
  year      = {1997},
  publisher = {University of Texas Press}
}

@article{lazer2009,
  title     = {Computational social science},
  author    = {Lazer, David and Pentland, Alex and Adamic, Lada and Aral, Sinan and Barab{\'a}si, Albert-L{\'a}szl{\'o} and Brewer, Devon and Christakis, Nicholas and Contractor, Noshir and Fowler, James and Gutmann, Myron and others},
  journal   = {Science},
  volume    = {323},
  number    = {5915},
  pages     = {721--723},
  year      = {2009},
  publisher = {American Association for the Advancement of Science}
}

@book{leigh2020,
  author    = {Leigh, Andrew},
  title     = {RCT大全 : ランダム化比較試験は世界をどう変えたのか},
  publisher = {みすず書房},
  year      = {2020}
}

@article{martin2017,
  title     = {Bias in cable news: Persuasion and polarization},
  author    = {Martin, Gregory J and Yurukoglu, Ali},
  journal   = {American Economic Review},
  volume    = {107},
  number    = {9},
  pages     = {2565--2599},
  year      = {2017},
  publisher = {American Economic Association 2014 Broadway, Suite 305, Nashville, TN 37203}
}

@book{matsubayashi2021,
  author    = {松林, 哲也},
  title     = {政治学と因果推論 : 比較から見える政治と社会},
  publisher = {岩波書店},
  year      = {2021},
  series    = {シリーズソーシャル・サイエンス}
}

@book{nakamuro2017,
  author    = {中室, 牧子 and 津川, 友介},
  title     = {「原因と結果」の経済学 : データから真実を見抜く思考法},
  publisher = {ダイヤモンド社},
  year      = {2017}
}

@book{ng2019,
  author    = {Ng, Annalyn and Soo, Kenneth},
  title     = {数式なしでわかるデータサイエンス : ビッグデータ時代に必要なデータリテラシー},
  publisher = {オーム社},
  year      = {2019}
}

@article{paluck2019,
  title     = {The contact hypothesis re-evaluated},
  author    = {Paluck, Elizabeth Levy and Green, Seth A and Green, Donald P},
  journal   = {Behavioural Public Policy},
  volume    = {3},
  number    = {2},
  pages     = {129--158},
  year      = {2019},
  publisher = {Cambridge University Press}
}

@book{salganik2019,
  title     = {Bit by bit: Social research in the digital age},
  author    = {Salganik, Matthew J},
  year      = {2019},
  publisher = {Princeton University Press}
}

@article{silver2016,
  title     = {Mastering the game of Go with deep neural networks and tree search},
  author    = {Silver, David and Huang, Aja and Maddison, Chris J and Guez, Arthur and Sifre, Laurent and Van Den Driessche, George and Schrittwieser, Julian and Antonoglou, Ioannis and Panneershelvam, Veda and Lanctot, Marc and others},
  journal   = {nature},
  volume    = {529},
  number    = {7587},
  pages     = {484--489},
  year      = {2016},
  publisher = {Nature Publishing Group}
}

@article{song2020,
  author    = {Song, Jaehyun and 秦, 正樹},
  title     = {オンライン・サーベイ実験の方法},
  journal   = {理論と方法},
  issn      = {09131442},
  publisher = {数理社会学会},
  year      = {2020},
  volume    = {35},
  number    = {1},
  pages     = {92-108},
  doi       = {10.11218/ojjams.35.92}
}

@article{tsugawa2017,
  title     = {Comparison of hospital mortality and readmission rates for Medicare patients treated by male vs female physicians},
  author    = {Tsugawa, Yusuke and Jena, Anupam B and Figueroa, Jose F and Orav, E John and Blumenthal, Daniel M and Jha, Ashish K},
  journal   = {JAMA internal medicine},
  volume    = {177},
  number    = {2},
  pages     = {206--213},
  year      = {2017},
  publisher = {American Medical Association}
}

@article{vaswani2017,
  title   = {Attention is all you need},
  author  = {Vaswani, Ashish and Shazeer, Noam and Parmar, Niki and Uszkoreit, Jakob and Jones, Llion and Gomez, Aidan N and Kaiser, {\L}ukasz and Polosukhin, Illia},
  journal = {Advances in neural information processing systems},
  volume  = {30},
  year    = {2017}
}

@article{vosoughi2018,
  title     = {The spread of true and false news online},
  author    = {Vosoughi, Soroush and Roy, Deb and Aral, Sinan},
  journal   = {science},
  volume    = {359},
  number    = {6380},
  pages     = {1146--1151},
  year      = {2018},
  publisher = {American Association for the Advancement of Science}
}

@article{xu2022,
  title     = {Characterizing the roles of bots on Twitter during the COVID-19 infodemic},
  author    = {Xu, Wentao and Sasahara, Kazutoshi},
  journal   = {Journal of computational social science},
  volume    = {5},
  number    = {1},
  pages     = {591--609},
  year      = {2022},
  publisher = {Springer}
}
